<record><leader>00000cas a2200000 a 4500</leader><controlfield tag="001">2414416</controlfield><controlfield tag="008">760907d18291912nyuwr ne      0    0eng  </controlfield><datafield ind1=" " ind2=" " tag="010"><subfield code="a">sn 87099999 </subfield></datafield><datafield ind1=" " ind2=" " tag="040"><subfield code="a">DLC</subfield><subfield code="b">eng</subfield><subfield code="c">KSU</subfield><subfield code="d">NPH</subfield><subfield code="d">OCL</subfield><subfield code="d">NPA</subfield><subfield code="d">OCL</subfield><subfield code="d">DLC</subfield><subfield code="d">OCL</subfield><subfield code="d">NYS</subfield><subfield code="d">NJW</subfield><subfield code="d">MGN</subfield><subfield code="d">KNP</subfield><subfield code="d">YOX</subfield><subfield code="d">NYS</subfield><subfield code="d">CNK</subfield><subfield code="d">MGN</subfield><subfield code="d">NVF</subfield><subfield code="d">NVK</subfield><subfield code="d">FUG</subfield><subfield code="d">NVK</subfield><subfield code="d">ATL</subfield><subfield code="d">OCL</subfield><subfield code="d">TGN</subfield><subfield code="d">GUA</subfield><subfield code="d">KRTAS</subfield><subfield code="d">OCLCQ</subfield><subfield code="d">OCLCF</subfield><subfield code="d">OCLCO</subfield></datafield><datafield ind1=" " ind2=" " tag="012"><subfield code="b">3</subfield></datafield><datafield ind1=" " ind2=" " tag="019"><subfield code="a">2449063</subfield><subfield code="a">11282790</subfield><subfield code="a">11386757</subfield><subfield code="a">15233347</subfield><subfield code="a">15478495</subfield><subfield code="a">228693716</subfield></datafield><datafield ind1="1" ind2=" " tag="029"><subfield code="a">AU@</subfield><subfield code="b">000021582230</subfield></datafield><datafield ind1=" " ind2=" " tag="042"><subfield code="a">pcc</subfield></datafield><datafield ind1=" " ind2=" " tag="043"><subfield code="a">n-us-ny</subfield></datafield><datafield ind1=" " ind2="4" tag="050"><subfield code="a">BX8901</subfield></datafield><datafield ind1="0" ind2=" " tag="130"><subfield code="a">New-York observer (New York, N.Y. : 1829)</subfield></datafield><datafield ind1="1" ind2="0" tag="245"><subfield code="a">New-York observer.</subfield></datafield><datafield ind1="1" ind2="3" tag="246"><subfield code="a">Observer</subfield></datafield><datafield ind1=" " ind2=" " tag="260"><subfield code="a">New-York [N.Y.] :</subfield><subfield code="b">Morse, Hallock &amp; Co.,</subfield><subfield code="c">1829-1912.</subfield></datafield><datafield ind1=" " ind2=" " tag="300"><subfield code="a">84 v.</subfield></datafield><datafield ind1=" " ind2=" " tag="310"><subfield code="a">Weekly</subfield></datafield><datafield ind1="0" ind2=" " tag="362"><subfield code="a">Vol. 7, no. 1 (Jan. 3, 1829)-v. 90, no. 22 (May 30, 1912) = whole no. 295-whole no. 4647.</subfield></datafield><datafield ind1=" " ind2=" " tag="515"><subfield code="a">From 1851-Dec. 6, 1888, issued in 2 parts called: Religious department, and: Secular department, using the same numbering scheme.</subfield></datafield><datafield ind1=" " ind2=" " tag="530"><subfield code="a">Also issued on microfilm by American Theological Library Association; also available online.</subfield></datafield><datafield ind1=" " ind2="0" tag="650"><subfield code="a">Presbyterian Church</subfield><subfield code="v">Newspapers.</subfield></datafield><datafield ind1=" " ind2="0" tag="651"><subfield code="a">New York (N.Y.)</subfield><subfield code="v">Newspapers.</subfield></datafield><datafield ind1=" " ind2="0" tag="651"><subfield code="a">New York County (N.Y.)</subfield><subfield code="v">Newspapers.</subfield></datafield><datafield ind1=" " ind2="7" tag="655"><subfield code="a">Newspapers.</subfield><subfield code="2">fast</subfield><subfield code="0">(OCoLC)fst01423814</subfield></datafield><datafield ind1=" " ind2="7" tag="650"><subfield code="a">Presbyterian Church.</subfield><subfield code="2">fast</subfield><subfield code="0">(OCoLC)fst01075515</subfield></datafield><datafield ind1=" " ind2="7" tag="651"><subfield code="a">New York (State)</subfield><subfield code="z">New York.</subfield><subfield code="2">fast</subfield><subfield code="0">(OCoLC)fst01204333</subfield></datafield><datafield ind1=" " ind2="7" tag="651"><subfield code="a">New York (State)</subfield><subfield code="z">New York County.</subfield><subfield code="2">fast</subfield><subfield code="0">(OCoLC)fst01234953</subfield></datafield><datafield ind1=" " ind2=" " tag="752"><subfield code="a">United States</subfield><subfield code="b">New York</subfield><subfield code="c">New York</subfield><subfield code="d">New York.</subfield></datafield><datafield ind1="1" ind2=" " tag="776"><subfield code="c">Microfilm</subfield><subfield code="d">American Theological Library Association</subfield><subfield code="w">(DLC)sn 98016195</subfield><subfield code="w">(OCoLC)10454107</subfield></datafield><datafield ind1="1" ind2=" " tag="776"><subfield code="t">New-York observer (New York, N.Y. : 1829 : Online)</subfield><subfield code="w">(DLC)  2009233056</subfield><subfield code="w">(OCoLC)71146863</subfield></datafield><datafield ind1="0" ind2="8" tag="776"><subfield code="i">Online version:</subfield><subfield code="t">New-York observer (New York, N.Y. : 1829)</subfield><subfield code="w">(OCoLC)658976988</subfield></datafield><datafield ind1="0" ind2="0" tag="780"><subfield code="t">New-York observer, and religious chronicle</subfield><subfield code="w">(DLC)sn 93063554</subfield><subfield code="w">(OCoLC)27482440</subfield></datafield><datafield ind1="0" ind2="4" tag="785"><subfield code="t">Christian work and the evangelist</subfield><subfield code="w">(DLC)sn 96016109</subfield><subfield code="w">(OCoLC)7561772</subfield></datafield><datafield ind1="4" ind2="1" tag="856"><subfield code="u">http://proquest.umi.com/pqdweb</subfield></datafield><datafield ind1=" " ind2=" " tag="938"><subfield code="a">Kirtas Technologies, Inc.</subfield><subfield code="b">KRTS</subfield><subfield code="n">735748</subfield></datafield></record>